<?xml version="1.0" encoding="UTF-8"?><collection xmlns="http://www.loc.gov/MARC21/slim"><record><leader>00578nam--2200205-u-4500</leader><controlfield tag="001">000053782</controlfield><controlfield tag="002">20161230</controlfield><controlfield tag="005">20161230201051</controlfield><controlfield tag="008">110621s1000------------r-----000-0-eng-d</controlfield><datafield ind1=" " ind2=" " tag="020"><subfield code="a">0471614505</subfield></datafield><datafield ind1=" " ind2=" " tag="040"><subfield code="a">IFIN-HH</subfield></datafield><datafield ind1=" " ind2=" " tag="080"><subfield code="a">537.2:621.319</subfield></datafield><datafield ind1="1" ind2=" " tag="100"><subfield code="a">Moore, A.D</subfield></datafield><datafield ind1="1" ind2="0" tag="245"><subfield code="a">Electronics and its applications</subfield><subfield code="b">Foreword by vincent j. schaefer</subfield><subfield code="c">A.d. moore (ed.)</subfield></datafield><datafield ind1=" " ind2=" " tag="260"><subfield code="a">New York</subfield><subfield code="b">John Wiley &amp; Sons</subfield><subfield code="c">1973</subfield></datafield><datafield ind1=" " ind2=" " tag="300"><subfield code="a">481P</subfield></datafield><datafield ind1=" " ind2=" " tag="490"><subfield code="a">A Wiley-intersicence Publication</subfield></datafield><datafield ind1=" " ind2="4" tag="650"><subfield code="a">Electrostattics</subfield></datafield><datafield ind1=" " ind2=" " tag="852"><subfield code="a">42967</subfield><subfield code="c">537:538</subfield></datafield><datafield ind1=" " ind2=" " tag="CAT"><subfield code="a">Sys</subfield><subfield code="c">20110621</subfield><subfield code="h">094649</subfield></datafield></record></collection>